
@ARTICLE{B11,
		author = {Adam Bermingham and Alan F. Smeaton},
		title = {On Using Twitter to Monitor Political Sentiment
and Predict Election Results},
		journal = {International Joint Conference on Natural Language Processing},
		pages = {2-10},
		year = {2011},
}

@ARTICLE{A12,
		author = {Andranik Tumasjan, Timm O. Sprenger, Philipp G. Sandner, Isabell M. Welpe},
		title = {Predicting Elections with Twitter: What 140 Characters Reveal about Political Sentiment},
		year = {2010},
		journal = {International AAAI Conference on Web and Social Media},
}


%%